<?xml version="1.0" encoding="UTF-8"?>
<!DOCTYPE html PUBLIC "-//W3C//DTD XHTML 1.0 Transitional//EN"
    "http://www.w3.org/TR/xhtml1/DTD/xhtml1-transitional.dtd">
<html xmlns="http://www.w3.org/1999/xhtml" xml:lang="en" lang="en">
 <head>
  <title>
</title>
<meta http-equiv="Content-Type" content="text/html;charset=utf-8" />
  <meta name='ocr-system' content='tesseract 3.04.00' />
  <meta name='ocr-capabilities' content='ocr_page ocr_carea ocr_par ocr_line ocrx_word'/>
</head>
<body>
  <div class='ocr_page' id='page_1' title='image "./claudiigalenide00mlgoog_0009.png"; bbox 0 0 1463 2699; ppageno 0'>
   <div class='ocr_carea' id='block_1_1' title="bbox 175 315 997 650">
    <p class='ocr_par' dir='ltr' id='par_1_1' title="bbox 175 315 997 650">
     <span class='ocr_line' id='line_1_1' title="bbox 175 315 997 650; baseline 0 2049"><span class='ocrx_word' id='word_1_1' title='bbox 175 315 997 650; x_wconf 95' lang='lat' dir='ltr'> </span> 
     </span>
    </p>
   </div>
   <div class='ocr_carea' id='block_1_2' title="bbox 517 868 814 898">
    <p class='ocr_par' dir='ltr' id='par_1_2' title="bbox 517 868 814 898">
     <span class='ocr_line' id='line_1_2' title="bbox 517 868 814 898; baseline 0.003 -1"><span class='ocrx_word' id='word_1_2' title='bbox 517 868 664 898; x_wconf 82' lang='lat' dir='ltr'>Praefatio</span> <span class='ocrx_word' id='word_1_3' title='bbox 686 869 814 898; x_wconf 73' lang='lat' dir='ltr'><strong>editoris.</strong></span> 
     </span>
    </p>
   </div>
   <div class='ocr_carea' id='block_1_3' title="bbox 199 991 1110 2100">
    <p class='ocr_par' dir='ltr' id='par_1_3' title="bbox 199 991 1110 2100">
     <span class='ocr_line' id='line_1_3' title="bbox 289 991 1110 1024; baseline 0.002 -9"><span class='ocrx_word' id='word_1_4' title='bbox 289 991 360 1021; x_wconf 78' lang='lat' dir='ltr'>Quod</span> <span class='ocrx_word' id='word_1_5' title='bbox 382 992 441 1015; x_wconf 84' lang='lat' dir='ltr'>ante</span> <span class='ocrx_word' id='word_1_6' title='bbox 460 991 507 1016; x_wconf 86' lang='lat' dir='ltr'>hos</span> <span class='ocrx_word' id='word_1_7' title='bbox 529 991 592 1017; x_wconf 85' lang='lat' dir='ltr'>duos</span> <span class='ocrx_word' id='word_1_8' title='bbox 610 1001 689 1017; x_wconf 82' lang='lat' dir='ltr'>annos</span> <span class='ocrx_word' id='word_1_9' title='bbox 711 992 826 1024; x_wconf 83' lang='lat' dir='ltr'>promisi,</span> <span class='ocrx_word' id='word_1_10' title='bbox 849 992 875 1017; x_wconf 86' lang='lat' dir='ltr'>id</span> <span class='ocrx_word' id='word_1_11' title='bbox 896 992 946 1017; x_wconf 88' lang='lat' dir='ltr'>iam</span> <span class='ocrx_word' id='word_1_12' title='bbox 968 992 1005 1017; x_wconf 70' lang='lat' dir='ltr'>ita,</span> <span class='ocrx_word' id='word_1_13' title='bbox 1027 994 1110 1017; x_wconf 82' lang='lat' dir='ltr'>ratum</span> 
     </span>
     <span class='ocr_line' id='line_1_4' title="bbox 217 1031 1109 1069; baseline 0.001 -8"><span class='ocrx_word' id='word_1_14' title='bbox 217 1036 301 1068; x_wconf 73' lang='lat' dir='ltr'>effeci,</span> <span class='ocrx_word' id='word_1_15' title='bbox 330 1037 359 1060; x_wconf 89' lang='lat' dir='ltr'>ut</span> <span class='ocrx_word' id='word_1_16' title='bbox 387 1035 504 1061; x_wconf 80' lang='lat' dir='ltr'>volumen</span> <span class='ocrx_word' id='word_1_17' title='bbox 533 1036 642 1069; x_wconf 86' lang='lat' dir='ltr'>primum</span> <span class='ocrx_word' id='word_1_18' title='bbox 668 1036 784 1062; x_wconf 76' lang='lat' dir='ltr'>editionis</span> <span class='ocrx_word' id='word_1_19' title='bbox 813 1037 935 1062; x_wconf 86' lang='lat' dir='ltr'>librorum</span> <span class='ocrx_word' id='word_1_20' title='bbox 961 1031 1050 1062; x_wconf 53' lang='lat' dir='ltr'>(falcni</span> <span class='ocrx_word' id='word_1_21' title='bbox 1079 1037 1109 1062; x_wconf 89' lang='lat' dir='ltr'>dc</span> 
     </span>
     <span class='ocr_line' id='line_1_5' title="bbox 217 1080 1110 1114; baseline 0.001 -9"><span class='ocrx_word' id='word_1_22' title='bbox 217 1081 323 1106; x_wconf 81' lang='lat' dir='ltr'>Placitis</span> <span class='ocrx_word' id='word_1_23' title='bbox 352 1080 517 1113; x_wconf 74' lang='lat' dir='ltr'><strong>Hippocratis</strong></span> <span class='ocrx_word' id='word_1_24' title='bbox 544 1081 705 1114; x_wconf 73' lang='lat' dir='ltr'>Platonisque</span> <span class='ocrx_word' id='word_1_25' title='bbox 733 1082 760 1106; x_wconf 91' lang='lat' dir='ltr'>in</span> <span class='ocrx_word' id='word_1_26' title='bbox 789 1082 869 1106; x_wconf 85' lang='lat' dir='ltr'>lucem</span> <span class='ocrx_word' id='word_1_27' title='bbox 895 1082 1032 1113; x_wconf 75' lang='lat' dir='ltr'><strong>mitterem,</strong></span> <span class='ocrx_word' id='word_1_28' title='bbox 1061 1090 1110 1114; x_wconf 89' lang='lat' dir='ltr'>quo</span> 
     </span>
     <span class='ocr_line' id='line_1_6' title="bbox 216 1125 1110 1159; baseline 0.001 -9"><span class='ocrx_word' id='word_1_29' title='bbox 216 1125 402 1158; x_wconf 75' lang='lat' dir='ltr'>prolegomena</span> <span class='ocrx_word' id='word_1_30' title='bbox 420 1126 519 1158; x_wconf 86' lang='lat' dir='ltr'>critica,</span> <span class='ocrx_word' id='word_1_31' title='bbox 542 1126 674 1159; x_wconf 83' lang='lat' dir='ltr'>scriptoris</span> <span class='ocrx_word' id='word_1_32' title='bbox 693 1126 769 1151; x_wconf 85' lang='lat' dir='ltr'>verba</span> <span class='ocrx_word' id='word_1_33' title='bbox 787 1126 853 1159; x_wconf 80' lang='lat' dir='ltr'>ipsa,</span> <span class='ocrx_word' id='word_1_34' title='bbox 872 1126 1003 1152; x_wconf 71' lang='lat' dir='ltr'>adnotatio</span> <span class='ocrx_word' id='word_1_35' title='bbox 1022 1126 1110 1151; x_wconf 82' lang='lat' dir='ltr'>critica</span> 
     </span>
     <span class='ocr_line' id='line_1_7' title="bbox 217 1170 1110 1204; baseline 0.001 -9"><span class='ocrx_word' id='word_1_36' title='bbox 217 1170 350 1203; x_wconf 81' lang='lat' dir='ltr'>versioque</span> <span class='ocrx_word' id='word_1_37' title='bbox 376 1170 457 1195; x_wconf 82' lang='lat' dir='ltr'>latina</span> <span class='ocrx_word' id='word_1_38' title='bbox 482 1171 677 1196; x_wconf 71' lang='lat' dir='ltr'>continerentur.</span> <span class='ocrx_word' id='word_1_39' title='bbox 712 1170 743 1196; x_wconf 85' lang='lat' dir='ltr'>In</span> <span class='ocrx_word' id='word_1_40' title='bbox 767 1171 808 1196; x_wconf 81' lang='lat' dir='ltr'>his</span> <span class='ocrx_word' id='word_1_41' title='bbox 834 1171 951 1196; x_wconf 88' lang='lat' dir='ltr'>omnibus</span> <span class='ocrx_word' id='word_1_42' title='bbox 974 1171 1035 1204; x_wconf 86' lang='lat' dir='ltr'>quin</span> <span class='ocrx_word' id='word_1_43' title='bbox 1057 1180 1110 1196; x_wconf 87' lang='lat' dir='ltr'>cru·-</span> 
     </span>
     <span class='ocr_line' id='line_1_8' title="bbox 216 1215 1110 1248; baseline 0.001 -8"><span class='ocrx_word' id='word_1_44' title='bbox 216 1215 328 1240; x_wconf 76' lang='lat' dir='ltr'>diturum</span> <span class='ocrx_word' id='word_1_45' title='bbox 343 1216 526 1247; x_wconf 76' lang='lat' dir='ltr'>exspectationi</span> <span class='ocrx_word' id='word_1_46' title='bbox 541 1216 721 1248; x_wconf 80' lang='lat' dir='ltr'>satisfacerem,</span> <span class='ocrx_word' id='word_1_47' title='bbox 739 1216 840 1241; x_wconf 81' lang='lat' dir='ltr'>tametsi</span> <span class='ocrx_word' id='word_1_48' title='bbox 851 1216 917 1241; x_wconf 90' lang='lat' dir='ltr'>nihil</span> <span class='ocrx_word' id='word_1_49' title='bbox 934 1216 986 1240; x_wconf 81' lang='lat' dir='ltr'>fere</span> <span class='ocrx_word' id='word_1_50' title='bbox 1001 1217 1110 1248; x_wconf 85' lang='lat' dir='ltr'>practer-</span> 
     </span>
     <span class='ocr_line' id='line_1_9' title="bbox 216 1260 1109 1293; baseline -0.001 -7"><span class='ocrx_word' id='word_1_51' title='bbox 216 1260 317 1286; x_wconf 83' lang='lat' dir='ltr'>misisse</span> <span class='ocrx_word' id='word_1_52' title='bbox 340 1260 403 1285; x_wconf 84' lang='lat' dir='ltr'>mihi</span> <span class='ocrx_word' id='word_1_53' title='bbox 430 1260 527 1293; x_wconf 87' lang='lat' dir='ltr'>videor,</span> <span class='ocrx_word' id='word_1_54' title='bbox 549 1262 635 1286; x_wconf 81' lang='lat' dir='ltr'>tamen</span> <span class='ocrx_word' id='word_1_55' title='bbox 657 1262 739 1286; x_wconf 80' lang='lat' dir='ltr'>metus</span> <span class='ocrx_word' id='word_1_56' title='bbox 760 1269 939 1293; x_wconf 81' lang='lat' dir='ltr'>nonnunquam</span> <span class='ocrx_word' id='word_1_57' title='bbox 962 1261 1031 1286; x_wconf 77' lang='lat' dir='ltr'>subit</span> <span class='ocrx_word' id='word_1_58' title='bbox 1057 1261 1109 1286; x_wconf 83' lang='lat' dir='ltr'>ani-</span> 
     </span>
     <span class='ocr_line' id='line_1_10' title="bbox 199 1304 1109 1337; baseline 0 -7"><span class='ocrx_word' id='word_1_59' title='bbox 199 1304 297 1337; x_wconf 68' lang='lat' dir='ltr'>⁴mum,</span> <span class='ocrx_word' id='word_1_60' title='bbox 319 1314 350 1330; x_wconf 86' lang='lat' dir='ltr'>nc</span> <span class='ocrx_word' id='word_1_61' title='bbox 372 1305 438 1331; x_wconf 84' lang='lat' dir='ltr'>vires</span> <span class='ocrx_word' id='word_1_62' title='bbox 457 1314 527 1330; x_wconf 84' lang='lat' dir='ltr'>meae</span> <span class='ocrx_word' id='word_1_63' title='bbox 552 1315 639 1337; x_wconf 82' lang='lat' dir='ltr'>parum</span> <span class='ocrx_word' id='word_1_64' title='bbox 662 1306 805 1331; x_wconf 75' lang='lat' dir='ltr'>suffecerint</span> <span class='ocrx_word' id='word_1_65' title='bbox 826 1307 897 1331; x_wconf 81' lang='lat' dir='ltr'>tanto</span> <span class='ocrx_word' id='word_1_66' title='bbox 920 1306 1011 1337; x_wconf 84' lang='lat' dir='ltr'>labori,</span> <span class='ocrx_word' id='word_1_67' title='bbox 1032 1314 1109 1337; x_wconf 79' lang='lat' dir='ltr'>quun—</span> 
     </span>
     <span class='ocr_line' id='line_1_11' title="bbox 216 1349 1109 1383; baseline 0 -8"><span class='ocrx_word' id='word_1_68' title='bbox 216 1351 271 1375; x_wconf 80' lang='lat' dir='ltr'>tum</span> <span class='ocrx_word' id='word_1_69' title='bbox 300 1358 368 1375; x_wconf 81' lang='lat' dir='ltr'>nova</span> <span class='ocrx_word' id='word_1_70' title='bbox 395 1350 464 1375; x_wconf 88' lang='lat' dir='ltr'>illius</span> <span class='ocrx_word' id='word_1_71' title='bbox 494 1351 577 1382; x_wconf 87' lang='lat' dir='ltr'>operis</span> <span class='ocrx_word' id='word_1_72' title='bbox 605 1351 717 1383; x_wconf 83' lang='lat' dir='ltr'>requirat</span> <span class='ocrx_word' id='word_1_73' title='bbox 745 1350 864 1375; x_wconf 84' lang='lat' dir='ltr'>recensio.</span> <span class='ocrx_word' id='word_1_74' title='bbox 903 1350 971 1375; x_wconf 78' lang='lat' dir='ltr'>Nam</span> <span class='ocrx_word' id='word_1_75' title='bbox 999 1349 1109 1382; x_wconf 85' lang='lat' dir='ltr'>primum</span> 
     </span>
     <span class='ocr_line' id='line_1_12' title="bbox 215 1395 1109 1428; baseline 0 -9"><span class='ocrx_word' id='word_1_76' title='bbox 215 1395 338 1428; x_wconf 81' lang='lat' dir='ltr'>ipsarum,</span> <span class='ocrx_word' id='word_1_77' title='bbox 353 1403 415 1427; x_wconf 83' lang='lat' dir='ltr'>quae</span> <span class='ocrx_word' id='word_1_78' title='bbox 431 1404 446 1420; x_wconf 84' lang='lat' dir='ltr'>a</span> <span class='ocrx_word' id='word_1_79' title='bbox 461 1395 556 1421; x_wconf 85' lang='lat' dir='ltr'>Galeno</span> <span class='ocrx_word' id='word_1_80' title='bbox 574 1396 726 1427; x_wconf 77' lang='lat' dir='ltr'>tractantur,</span> <span class='ocrx_word' id='word_1_81' title='bbox 740 1404 824 1420; x_wconf 83' lang='lat' dir='ltr'>rerum</span> <span class='ocrx_word' id='word_1_82' title='bbox 838 1404 890 1421; x_wconf 87' lang='lat' dir='ltr'>non</span> <span class='ocrx_word' id='word_1_83' title='bbox 908 1395 984 1420; x_wconf 87' lang='lat' dir='ltr'>modo</span> <span class='ocrx_word' id='word_1_84' title='bbox 998 1395 1109 1420; x_wconf 80' lang='lat' dir='ltr'>varietas</span> 
     </span>
     <span class='ocr_line' id='line_1_13' title="bbox 216 1439 1109 1473; baseline -0.001 -8"><span class='ocrx_word' id='word_1_85' title='bbox 216 1448 340 1473; x_wconf 79' lang='lat' dir='ltr'>perquam</span> <span class='ocrx_word' id='word_1_86' title='bbox 354 1448 454 1473; x_wconf 76' lang='lat' dir='ltr'>magna,</span> <span class='ocrx_word' id='word_1_87' title='bbox 472 1440 514 1465; x_wconf 79' lang='lat' dir='ltr'>sed</span> <span class='ocrx_word' id='word_1_88' title='bbox 529 1440 666 1465; x_wconf 77' lang='lat' dir='ltr'>insolentia</span> <span class='ocrx_word' id='word_1_89' title='bbox 680 1440 756 1465; x_wconf 83' lang='lat' dir='ltr'>etiam</span> <span class='ocrx_word' id='word_1_90' title='bbox 772 1449 801 1465; x_wconf 80' lang='lat' dir='ltr'>nc</span> <span class='ocrx_word' id='word_1_91' title='bbox 815 1440 916 1465; x_wconf 76' lang='lat' dir='ltr'>novitas</span> <span class='ocrx_word' id='word_1_92' title='bbox 932 1449 947 1466; x_wconf 76' lang='lat' dir='ltr'>a.</span> <span class='ocrx_word' id='word_1_93' title='bbox 961 1439 1109 1473; x_wconf 78' lang='lat' dir='ltr'>vulgaribus</span> 
     </span>
     <span class='ocr_line' id='line_1_14' title="bbox 218 1484 1108 1518; baseline 0 -9"><span class='ocrx_word' id='word_1_94' title='bbox 218 1484 374 1517; x_wconf 76' lang='lat' dir='ltr'>philologiae</span> <span class='ocrx_word' id='word_1_95' title='bbox 391 1484 481 1509; x_wconf 83' lang='lat' dir='ltr'>studiis</span> <span class='ocrx_word' id='word_1_96' title='bbox 496 1485 571 1518; x_wconf 83' lang='lat' dir='ltr'>longe</span> <span class='ocrx_word' id='word_1_97' title='bbox 585 1486 683 1509; x_wconf 84' lang='lat' dir='ltr'>remota</span> <span class='ocrx_word' id='word_1_98' title='bbox 701 1485 863 1510; x_wconf 79' lang='lat' dir='ltr'>difficultates</span> <span class='ocrx_word' id='word_1_99' title='bbox 882 1485 1017 1510; x_wconf 76' lang='lat' dir='ltr'>editionem</span> <span class='ocrx_word' id='word_1_100' title='bbox 1037 1493 1108 1516; x_wconf 79' lang='lat' dir='ltr'>para-</span> 
     </span>
     <span class='ocr_line' id='line_1_15' title="bbox 218 1529 1108 1563; baseline -0.001 -9"><span class='ocrx_word' id='word_1_101' title='bbox 218 1531 275 1554; x_wconf 85' lang='lat' dir='ltr'>turo</span> <span class='ocrx_word' id='word_1_102' title='bbox 297 1529 393 1554; x_wconf 81' lang='lat' dir='ltr'>creavit</span> <span class='ocrx_word' id='word_1_103' title='bbox 410 1538 461 1554; x_wconf 83' lang='lat' dir='ltr'>non</span> <span class='ocrx_word' id='word_1_104' title='bbox 484 1529 596 1562; x_wconf 74' lang='lat' dir='ltr'>exiguas3</span> <span class='ocrx_word' id='word_1_105' title='bbox 623 1529 682 1562; x_wconf 86' lang='lat' dir='ltr'>quid</span> <span class='ocrx_word' id='word_1_106' title='bbox 708 1529 790 1554; x_wconf 82' lang='lat' dir='ltr'>dicam</span> <span class='ocrx_word' id='word_1_107' title='bbox 812 1538 861 1554; x_wconf 90' lang='lat' dir='ltr'>non</span> <span class='ocrx_word' id='word_1_108' title='bbox 884 1530 1005 1563; x_wconf 74' lang='lat' dir='ltr'>exiguas?</span> <span class='ocrx_word' id='word_1_109' title='bbox 1030 1530 1108 1554; x_wconf 86' lang='lat' dir='ltr'>innuo</span> 
     </span>
     <span class='ocr_line' id='line_1_16' title="bbox 218 1573 1108 1607; baseline 0 -9"><span class='ocrx_word' id='word_1_110' title='bbox 218 1582 271 1606; x_wconf 73' lang='lat' dir='ltr'>eas,</span> <span class='ocrx_word' id='word_1_111' title='bbox 296 1583 360 1607; x_wconf 76' lang='lat' dir='ltr'>quae</span> <span class='ocrx_word' id='word_1_112' title='bbox 382 1574 461 1599; x_wconf 79' lang='lat' dir='ltr'>videri</span> <span class='ocrx_word' id='word_1_113' title='bbox 483 1576 587 1607; x_wconf 60' lang='lat' dir='ltr'>possent</span> <span class='ocrx_word' id='word_1_114' title='bbox 612 1583 691 1607; x_wconf 82' lang='lat' dir='ltr'>paene</span> <span class='ocrx_word' id='word_1_115' title='bbox 716 1574 938 1607; x_wconf 74' lang='lat' dir='ltr'>inexsuperabiles.</span> <span class='ocrx_word' id='word_1_116' title='bbox 976 1575 1017 1599; x_wconf 90' lang='lat' dir='ltr'>An</span> <span class='ocrx_word' id='word_1_117' title='bbox 1043 1573 1108 1607; x_wconf 87' lang='lat' dir='ltr'>quis-</span> 
     </span>
     <span class='ocr_line' id='line_1_17' title="bbox 217 1619 1108 1652; baseline 0 -8"><span class='ocrx_word' id='word_1_118' title='bbox 217 1627 305 1652; x_wconf 77' lang='lat' dir='ltr'>quam,</span> <span class='ocrx_word' id='word_1_119' title='bbox 331 1620 359 1643; x_wconf 80' lang='lat' dir='ltr'>ut</span> <span class='ocrx_word' id='word_1_120' title='bbox 384 1619 500 1644; x_wconf 74' lang='lat' dir='ltr'>omittam</span> <span class='ocrx_word' id='word_1_121' title='bbox 525 1628 576 1651; x_wconf 87' lang='lat' dir='ltr'>res,</span> <span class='ocrx_word' id='word_1_122' title='bbox 602 1628 665 1652; x_wconf 82' lang='lat' dir='ltr'>quae</span> <span class='ocrx_word' id='word_1_123' title='bbox 685 1619 715 1644; x_wconf 86' lang='lat' dir='ltr'>ad</span> <span class='ocrx_word' id='word_1_124' title='bbox 734 1619 842 1652; x_wconf 80' lang='lat' dir='ltr'>physica</span> <span class='ocrx_word' id='word_1_125' title='bbox 861 1621 990 1652; x_wconf 80' lang='lat' dir='ltr'>artemque</span> <span class='ocrx_word' id='word_1_126' title='bbox 1008 1619 1108 1644; x_wconf 86' lang='lat' dir='ltr'>medici-</span> 
     </span>
     <span class='ocr_line' id='line_1_18' title="bbox 217 1663 1108 1697; baseline 0 -8"><span class='ocrx_word' id='word_1_127' title='bbox 217 1664 303 1689; x_wconf 76' lang='lat' dir='ltr'>nalem</span> <span class='ocrx_word' id='word_1_128' title='bbox 328 1665 455 1696; x_wconf 75' lang='lat' dir='ltr'>spectant,</span> <span class='ocrx_word' id='word_1_129' title='bbox 484 1664 542 1689; x_wconf 81' lang='lat' dir='ltr'>illos</span> <span class='ocrx_word' id='word_1_130' title='bbox 567 1664 647 1696; x_wconf 81' lang='lat' dir='ltr'>locos,</span> <span class='ocrx_word' id='word_1_131' title='bbox 675 1672 738 1696; x_wconf 84' lang='lat' dir='ltr'>quos</span> <span class='ocrx_word' id='word_1_132' title='bbox 765 1672 777 1688; x_wconf 89' lang='lat' dir='ltr'>e</span> <span class='ocrx_word' id='word_1_133' title='bbox 803 1663 953 1697; x_wconf 79' lang='lat' dir='ltr'>Chrysippi,</span> <span class='ocrx_word' id='word_1_134' title='bbox 979 1663 1108 1689; x_wconf 83' lang='lat' dir='ltr'>Posidonii</span> 
     </span>
     <span class='ocr_line' id='line_1_19' title="bbox 217 1708 1108 1741; baseline -0.001 -8"><span class='ocrx_word' id='word_1_135' title='bbox 217 1708 375 1741; x_wconf 77' lang='lat' dir='ltr'>aliorumque</span> <span class='ocrx_word' id='word_1_136' title='bbox 394 1708 537 1734; x_wconf 79' lang='lat' dir='ltr'>Stoicorum</span> <span class='ocrx_word' id='word_1_137' title='bbox 559 1709 631 1734; x_wconf 82' lang='lat' dir='ltr'>libris</span> <span class='ocrx_word' id='word_1_138' title='bbox 651 1709 760 1734; x_wconf 70' lang='lat' dir='ltr'>Galenus</span> <span class='ocrx_word' id='word_1_139' title='bbox 779 1709 866 1733; x_wconf 81' lang='lat' dir='ltr'>attulit</span> <span class='ocrx_word' id='word_1_140' title='bbox 884 1709 1017 1741; x_wconf 84' lang='lat' dir='ltr'>plurimos,</span> <span class='ocrx_word' id='word_1_141' title='bbox 1038 1708 1108 1733; x_wconf 74' lang='lat' dir='ltr'>facili</span> 
     </span>
     <span class='ocr_line' id='line_1_20' title="bbox 219 1752 1108 1786; baseline -0.001 -8"><span class='ocrx_word' id='word_1_142' title='bbox 219 1762 247 1778; x_wconf 82' lang='lat' dir='ltr'>sc</span> <span class='ocrx_word' id='word_1_143' title='bbox 265 1753 368 1786; x_wconf 82' lang='lat' dir='ltr'>negotio</span> <span class='ocrx_word' id='word_1_144' title='bbox 387 1753 492 1778; x_wconf 87' lang='lat' dir='ltr'>eluctari</span> <span class='ocrx_word' id='word_1_145' title='bbox 515 1762 590 1786; x_wconf 83' lang='lat' dir='ltr'>posse</span> <span class='ocrx_word' id='word_1_146' title='bbox 611 1753 738 1778; x_wconf 79' lang='lat' dir='ltr'>confidat?</span> <span class='ocrx_word' id='word_1_147' title='bbox 774 1752 911 1786; x_wconf 83' lang='lat' dir='ltr'>Chrysippi</span> <span class='ocrx_word' id='word_1_148' title='bbox 933 1753 1033 1786; x_wconf 77' lang='lat' dir='ltr'>quidem</span> <span class='ocrx_word' id='word_1_149' title='bbox 1053 1761 1108 1777; x_wconf 83' lang='lat' dir='ltr'>ora-</span> 
     </span>
     <span class='ocr_line' id='line_1_21' title="bbox 216 1796 1108 1831; baseline 0.001 -9"><span class='ocrx_word' id='word_1_150' title='bbox 216 1798 313 1823; x_wconf 82' lang='lat' dir='ltr'>tionem</span> <span class='ocrx_word' id='word_1_151' title='bbox 332 1796 442 1823; x_wconf 79' lang='lat' dir='ltr'>Galenus</span> <span class='ocrx_word' id='word_1_152' title='bbox 460 1798 515 1831; x_wconf 82' lang='lat' dir='ltr'>ipsc</span> <span class='ocrx_word' id='word_1_153' title='bbox 533 1798 646 1831; x_wconf 84' lang='lat' dir='ltr'>queritur</span> <span class='ocrx_word' id='word_1_154' title='bbox 664 1806 690 1823; x_wconf 80' lang='lat' dir='ltr'>se</span> <span class='ocrx_word' id='word_1_155' title='bbox 708 1807 759 1823; x_wconf 87' lang='lat' dir='ltr'>non</span> <span class='ocrx_word' id='word_1_156' title='bbox 781 1798 843 1823; x_wconf 84' lang='lat' dir='ltr'>satis</span> <span class='ocrx_word' id='word_1_157' title='bbox 865 1797 1025 1823; x_wconf 84' lang='lat' dir='ltr'>intellexisse.</span> <span class='ocrx_word' id='word_1_158' title='bbox 1061 1796 1108 1822; x_wconf 86' lang='lat' dir='ltr'>Ac-</span> 
     </span>
     <span class='ocr_line' id='line_1_22' title="bbox 216 1842 1107 1876; baseline 0 -9"><span class='ocrx_word' id='word_1_159' title='bbox 216 1842 292 1874; x_wconf 85' lang='lat' dir='ltr'>cedit,</span> <span class='ocrx_word' id='word_1_160' title='bbox 309 1843 375 1875; x_wconf 91' lang='lat' dir='ltr'>quod</span> <span class='ocrx_word' id='word_1_161' title='bbox 394 1843 470 1868; x_wconf 79' lang='lat' dir='ltr'>variis</span> <span class='ocrx_word' id='word_1_162' title='bbox 489 1843 519 1868; x_wconf 77' lang='lat' dir='ltr'>de</span> <span class='ocrx_word' id='word_1_163' title='bbox 538 1843 632 1875; x_wconf 58' lang='lat' dir='ltr'>consiti,</span> <span class='ocrx_word' id='word_1_164' title='bbox 653 1843 683 1868; x_wconf 83' lang='lat' dir='ltr'>de</span> <span class='ocrx_word' id='word_1_165' title='bbox 702 1843 792 1876; x_wconf 87' lang='lat' dir='ltr'>quibus</span> <span class='ocrx_word' id='word_1_166' title='bbox 811 1852 868 1868; x_wconf 88' lang='lat' dir='ltr'>cum</span> <span class='ocrx_word' id='word_1_167' title='bbox 886 1843 914 1868; x_wconf 91' lang='lat' dir='ltr'>in</span> <span class='ocrx_word' id='word_1_168' title='bbox 932 1843 1107 1876; x_wconf 76' lang='lat' dir='ltr'>Programma-</span> 
     </span>
     <span class='ocr_line' id='line_1_23' title="bbox 216 1887 1108 1921; baseline -0.001 -9"><span class='ocrx_word' id='word_1_169' title='bbox 216 1887 252 1912; x_wconf 81' lang='lat' dir='ltr'>tis</span> <span class='ocrx_word' id='word_1_170' title='bbox 270 1887 369 1913; x_wconf 86' lang='lat' dir='ltr'>duobus</span> <span class='ocrx_word' id='word_1_171' title='bbox 388 1888 548 1919; x_wconf 76' lang='lat' dir='ltr'>academicis,</span> <span class='ocrx_word' id='word_1_172' title='bbox 570 1890 625 1912; x_wconf 79' lang='lat' dir='ltr'>tuin</span> <span class='ocrx_word' id='word_1_173' title='bbox 643 1887 669 1912; x_wconf 87' lang='lat' dir='ltr'>in</span> <span class='ocrx_word' id='word_1_174' title='bbox 688 1887 877 1921; x_wconf 84' lang='lat' dir='ltr'>Prolegomcnis</span> <span class='ocrx_word' id='word_1_175' title='bbox 896 1888 970 1913; x_wconf 87' lang='lat' dir='ltr'>huius</span> <span class='ocrx_word' id='word_1_176' title='bbox 989 1887 1108 1913; x_wconf 85' lang='lat' dir='ltr'>editionis</span> 
     </span>
     <span class='ocr_line' id='line_1_24' title="bbox 216 1932 1108 1965; baseline -0.001 -8"><span class='ocrx_word' id='word_1_177' title='bbox 216 1932 281 1964; x_wconf 83' lang='lat' dir='ltr'>dixi,</span> <span class='ocrx_word' id='word_1_178' title='bbox 302 1933 386 1957; x_wconf 72' lang='lat' dir='ltr'>textus</span> <span class='ocrx_word' id='word_1_179' title='bbox 407 1933 461 1965; x_wconf 88' lang='lat' dir='ltr'>ipse</span> <span class='ocrx_word' id='word_1_180' title='bbox 479 1932 611 1965; x_wconf 84' lang='lat' dir='ltr'>permultis</span> <span class='ocrx_word' id='word_1_181' title='bbox 630 1933 693 1958; x_wconf 86' lang='lat' dir='ltr'>locis</span> <span class='ocrx_word' id='word_1_182' title='bbox 716 1932 747 1957; x_wconf 86' lang='lat' dir='ltr'>ad</span> <span class='ocrx_word' id='word_1_183' title='bbox 765 1934 874 1958; x_wconf 73' lang='lat' dir='ltr'>aetatem</span> <span class='ocrx_word' id='word_1_184' title='bbox 898 1934 1011 1957; x_wconf 74' lang='lat' dir='ltr'>nostram</span> <span class='ocrx_word' id='word_1_185' title='bbox 1032 1940 1108 1964; x_wconf 77' lang='lat' dir='ltr'>quani</span> 
     </span>
     <span class='ocr_line' id='line_1_25' title="bbox 216 1976 1108 2010; baseline 0 -9"><span class='ocrx_word' id='word_1_186' title='bbox 216 1977 442 2009; x_wconf 79' lang='lat' dir='ltr'>depravatissimus</span> <span class='ocrx_word' id='word_1_187' title='bbox 465 1977 581 2010; x_wconf 83' lang='lat' dir='ltr'>pervenit</span> <span class='ocrx_word' id='word_1_188' title='bbox 603 1978 721 2010; x_wconf 81' lang='lat' dir='ltr'>vitiisque</span> <span class='ocrx_word' id='word_1_189' title='bbox 747 1979 771 2002; x_wconf 84' lang='lat' dir='ltr'>et</span> <span class='ocrx_word' id='word_1_190' title='bbox 793 1978 888 2010; x_wconf 82' lang='lat' dir='ltr'>apertis</span> <span class='ocrx_word' id='word_1_191' title='bbox 910 1976 1108 2003; x_wconf 71' lang='lat' dir='ltr'>commaculatus</span> 
     </span>
     <span class='ocr_line' id='line_1_26' title="bbox 217 2021 1108 2055; baseline 0 -9"><span class='ocrx_word' id='word_1_192' title='bbox 217 2023 258 2046; x_wconf 80' lang='lat' dir='ltr'>est</span> <span class='ocrx_word' id='word_1_193' title='bbox 276 2023 301 2046; x_wconf 88' lang='lat' dir='ltr'>et</span> <span class='ocrx_word' id='word_1_194' title='bbox 319 2022 404 2054; x_wconf 86' lang='lat' dir='ltr'>tectis,</span> <span class='ocrx_word' id='word_1_195' title='bbox 426 2030 490 2054; x_wconf 82' lang='lat' dir='ltr'>quae</span> <span class='ocrx_word' id='word_1_196' title='bbox 509 2022 530 2047; x_wconf 89' lang='lat' dir='ltr'>si</span> <span class='ocrx_word' id='word_1_197' title='bbox 549 2022 605 2055; x_wconf 79' lang='lat' dir='ltr'>quis</span> <span class='ocrx_word' id='word_1_198' title='bbox 623 2022 760 2055; x_wconf 80' lang='lat' dir='ltr'>perviderit</span> <span class='ocrx_word' id='word_1_199' title='bbox 779 2023 874 2055; x_wconf 82' lang='lat' dir='ltr'>omnia,</span> <span class='ocrx_word' id='word_1_200' title='bbox 892 2031 939 2047; x_wconf 76' lang='lat' dir='ltr'>nae</span> <span class='ocrx_word' id='word_1_201' title='bbox 957 2022 979 2046; x_wconf 84' lang='lat' dir='ltr'>is</span> <span class='ocrx_word' id='word_1_202' title='bbox 993 2021 1108 2054; x_wconf 80' lang='lat' dir='ltr'>Lynceus</span> 
     </span>
     <span class='ocr_line' id='line_1_27' title="bbox 218 2065 1108 2100; baseline -0.001 -9"><span class='ocrx_word' id='word_1_203' title='bbox 218 2065 281 2091; x_wconf 84' lang='lat' dir='ltr'>mihi</span> <span class='ocrx_word' id='word_1_204' title='bbox 307 2066 362 2091; x_wconf 85' lang='lat' dir='ltr'>erit.</span> <span class='ocrx_word' id='word_1_205' title='bbox 401 2066 489 2099; x_wconf 81' lang='lat' dir='ltr'>Neque</span> <span class='ocrx_word' id='word_1_206' title='bbox 512 2075 570 2092; x_wconf 84' lang='lat' dir='ltr'>vero</span> <span class='ocrx_word' id='word_1_207' title='bbox 595 2066 689 2092; x_wconf 81' lang='lat' dir='ltr'>sufficit</span> <span class='ocrx_word' id='word_1_208' title='bbox 717 2068 859 2100; x_wconf 77' lang='lat' dir='ltr'>perspicere</span> <span class='ocrx_word' id='word_1_209' title='bbox 888 2067 979 2093; x_wconf 77' lang='lat' dir='ltr'>vitiose</span> <span class='ocrx_word' id='word_1_210' title='bbox 1008 2066 1108 2099; x_wconf 73' lang='lat' dir='ltr'>tradita,</span> 
     </span>
    </p>
   </div>
  </div>
 </body>
</html>
